<?xml version="1.0" encoding="UTF-8"?><collection xmlns="http://www.loc.gov/MARC21/slim"><record><leader>00510nam--2200193-u-4500</leader><controlfield tag="001">000055673</controlfield><controlfield tag="002">20161230</controlfield><controlfield tag="005">20170118003450</controlfield><controlfield tag="008">130327s1000------------r-----000-0-rus-d</controlfield><datafield ind1=" " ind2=" " tag="040"><subfield code="a">IFIN-HH</subfield></datafield><datafield ind1=" " ind2=" " tag="041"><subfield code="a">rus</subfield></datafield><datafield ind1=" " ind2=" " tag="080"><subfield code="a">530.145</subfield></datafield><datafield ind1="1" ind2=" " tag="100"><subfield code="a">Bogoliubov, N. N</subfield></datafield><datafield ind1="1" ind2="0" tag="245"><subfield code="a">Vvedenie v teoriu kvantovannih polei</subfield><subfield code="c">N.N. Bogoliubov, D.V. Sirkov</subfield></datafield><datafield ind1=" " ind2=" " tag="260"><subfield code="a">Moskva</subfield><subfield code="b">Tehniko-teoreticeskoi Literaturi</subfield><subfield code="c">1957</subfield></datafield><datafield ind1=" " ind2=" " tag="300"><subfield code="a">442P</subfield></datafield><datafield ind1="1" ind2=" " tag="700"><subfield code="a">Sirkov, D. V</subfield></datafield><datafield ind1=" " ind2=" " tag="852"><subfield code="a">4627</subfield><subfield code="c">H.H</subfield></datafield><datafield ind1=" " ind2=" " tag="CAT"><subfield code="a">SYS</subfield><subfield code="c">20170118</subfield><subfield code="h">003450</subfield></datafield></record></collection>